<mx:record xmlns="http://www.w3.org/TR/xhtml1/strict" xmlns:mx="http://www.loc.gov/MARC21/slim" xmlns:xsi="http://www.w3.org/2001/XMLSchema-instance"><mx:leader>00000cz   2200000n  0000</mx:leader><mx:controlfield tag="001">oca00508937 </mx:controlfield><mx:controlfield tag="005">19970218105726.8</mx:controlfield><mx:controlfield tag="008">801114n| acannaab|          |a aaa |||  </mx:controlfield><mx:datafield ind1=" " ind2=" " tag="010"><mx:subfield code="a">n  80128532</mx:subfield><mx:subfield code="z">n  96107319</mx:subfield></mx:datafield><mx:datafield ind1=" " ind2=" " tag="040"><mx:subfield code="a">DLC</mx:subfield><mx:subfield code="c">DLC</mx:subfield><mx:subfield code="d">DLC</mx:subfield></mx:datafield><mx:datafield ind1="0" ind2=" " tag="100"><mx:subfield code="a">Tryphiodorus</mx:subfield></mx:datafield><mx:datafield ind1="0" ind2=" " tag="400"><mx:subfield code="a">Trifiodoro</mx:subfield></mx:datafield><mx:datafield ind1="0" ind2=" " tag="400"><mx:subfield code="a">Triphiodore</mx:subfield></mx:datafield><mx:datafield ind1="0" ind2=" " tag="400"><mx:subfield code="a">Tryphiodore</mx:subfield></mx:datafield><mx:datafield ind1="0" ind2=" " tag="400"><mx:subfield code="a">Triphiodōros</mx:subfield></mx:datafield><mx:datafield ind1="0" ind2=" " tag="400"><mx:subfield code="a">Tryphiodōros</mx:subfield></mx:datafield><mx:datafield ind1="0" ind2=" " tag="400"><mx:subfield code="a">Triphiodorus</mx:subfield></mx:datafield><mx:datafield ind1=" " ind2=" " tag="670"><mx:subfield code="a">D&amp;#039;Ippolito G. Trifiodoro e Vergilio, 1976 (subj.)</mx:subfield><mx:subfield code="b">t. p. (Trifiodoro)</mx:subfield></mx:datafield><mx:datafield ind1=" " ind2=" " tag="670"><mx:subfield code="a">His La prise d&amp;#039;Ilion, 1982:</mx:subfield><mx:subfield code="b">t.p. (Triphiodore) p. 5 (Tryphiodore or Triphiodore; referred to in Byzantine manuscripts as Tryphiodōros, but the spelling Triphiodōros seems preferable)</mx:subfield></mx:datafield><mx:datafield ind1=" " ind2=" " tag="670"><mx:subfield code="a">Lexicon in Triphiodorum, 1985:</mx:subfield><mx:subfield code="b">t.p. (Triphiodorus)</mx:subfield></mx:datafield><mx:datafield ind1=" " ind2=" " tag="999"><mx:subfield code="a">10484</mx:subfield></mx:datafield></mx:record>